<?xml version="1.0" encoding="UTF-8"?><collection xmlns="http://www.loc.gov/MARC21/slim"><record><leader>00425nam--2200145-i-4500</leader><controlfield tag="001">000011153</controlfield><controlfield tag="002">20161230</controlfield><controlfield tag="005">20170302233443</controlfield><controlfield tag="008">060222s1000------------r-----000-0-eng-d</controlfield><datafield ind1=" " ind2=" " tag="100"><subfield code="a">Ceausescu, Elena</subfield></datafield><datafield ind1=" " ind2=" " tag="245"><subfield code="a">Research work on synthesis and characterization of macromolecular compounds. Contributions</subfield></datafield><datafield ind1=" " ind2=" " tag="260"><subfield code="a">Bucharest</subfield><subfield code="b">Ed.Acad.R.S.R</subfield><subfield code="c">1974</subfield></datafield><datafield ind1=" " ind2=" " tag="300"><subfield code="a">251 p</subfield></datafield><datafield ind1=" " ind2=" " tag="852"><subfield code="a">541.64:54&gt;07</subfield></datafield><datafield ind1=" " ind2=" " tag="CAT"><subfield code="a">SYS</subfield><subfield code="c">20170302</subfield><subfield code="h">233443</subfield></datafield></record></collection>